<record><leader>00000cas a22000007a 4500</leader><controlfield tag="001">23249451</controlfield><controlfield tag="008">910315d19211925couwr ne      0    0eng d</controlfield><controlfield tag="009">9774</controlfield><datafield ind1=" " ind2=" " tag="010"><subfield code="a">sn 91052329 </subfield></datafield><datafield ind1=" " ind2=" " tag="040"><subfield code="a">CNQ</subfield><subfield code="b">eng</subfield><subfield code="c">CNQ</subfield></datafield><datafield ind1=" " ind2=" " tag="042"><subfield code="a">msc</subfield></datafield><datafield ind1="0" ind2=" " tag="130"><subfield code="a">Indicator (Pueblo, Colo. : 1921)</subfield></datafield><datafield ind1="0" ind2="4" tag="245"><subfield code="a">The indicator.</subfield></datafield><datafield ind1="0" ind2="7" tag="246"><subfield code="a">Pueblo indicator</subfield></datafield><datafield ind1=" " ind2=" " tag="260"><subfield code="a">Pueblo, Colo. :</subfield><subfield code="b">Patrick Byrnes,</subfield></datafield><datafield ind1=" " ind2=" " tag="300"><subfield code="a">v.</subfield></datafield><datafield ind1=" " ind2=" " tag="310"><subfield code="a">Weekly</subfield></datafield><datafield ind1="0" ind2=" " tag="362"><subfield code="a">32nd year, 7th week (Mar. 5, 1921)-36th year, 13th week (Apr. 18, 1925).</subfield></datafield><datafield ind1=" " ind2=" " tag="752"><subfield code="a">United States</subfield><subfield code="b">Colorado</subfield><subfield code="c">Pueblo</subfield><subfield code="d">Pueblo.</subfield></datafield><datafield ind1="0" ind2="0" tag="780"><subfield code="t">Pueblo indicator (Pueblo, Colo. : 1911)</subfield><subfield code="w">(DLC)sn 90051100</subfield></datafield><datafield ind1="0" ind2="0" tag="785"><subfield code="t">Pueblo indicator (Pueblo, Colo. : 1925)</subfield><subfield code="w">(DLC)sn 91052330</subfield></datafield></record>